<record><leader>00000cas a22000007a 4500</leader><controlfield tag="001">33319057</controlfield><controlfield tag="008">951017c19919999cauwr ne      0    0chi d</controlfield><datafield ind1=" " ind2=" " tag="010"><subfield code="a">sn 95062388 </subfield></datafield><datafield ind1=" " ind2=" " tag="040"><subfield code="a">CNK</subfield><subfield code="b">eng</subfield><subfield code="c">CNK</subfield><subfield code="d">OCLCQ</subfield><subfield code="d">OCLCF</subfield><subfield code="d">OCLCO</subfield><subfield code="d">OCL</subfield></datafield><datafield ind1=" " ind2=" " tag="042"><subfield code="a">msc</subfield></datafield><datafield ind1=" " ind2=" " tag="043"><subfield code="a">n-us-ca</subfield></datafield><datafield ind1="0" ind2="0" tag="245"><subfield code="a">Shao nian Zhongguo shi bao =</subfield><subfield code="b">New Cathay.</subfield></datafield><datafield ind1="3" ind2="1" tag="246"><subfield code="a">New Cathay</subfield></datafield><datafield ind1=" " ind2=" " tag="260"><subfield code="a">Millbrae, CA :</subfield><subfield code="b">Shao Nian Zhongguo Zhu Ban Zhong Xin</subfield></datafield><datafield ind1=" " ind2=" " tag="300"><subfield code="a">v.</subfield></datafield><datafield ind1=" " ind2=" " tag="310"><subfield code="a">Weekly</subfield></datafield><datafield ind1="0" ind2=" " tag="362"><subfield code="a">Chuang kan hao (Apr. 19, 1991)-</subfield></datafield><datafield ind1=" " ind2="0" tag="650"><subfield code="a">Chinese newspapers</subfield><subfield code="z">California.</subfield></datafield><datafield ind1=" " ind2="0" tag="651"><subfield code="a">Millbrae (Calif.)</subfield><subfield code="v">Newspapers.</subfield></datafield><datafield ind1=" " ind2="7" tag="650"><subfield code="a">Chinese newspapers.</subfield><subfield code="2">fast</subfield><subfield code="0">(OCoLC)fst00857651</subfield></datafield><datafield ind1=" " ind2="7" tag="651"><subfield code="a">California.</subfield><subfield code="2">fast</subfield><subfield code="0">(OCoLC)fst01204928</subfield></datafield><datafield ind1=" " ind2="7" tag="651"><subfield code="a">California</subfield><subfield code="z">Millbrae.</subfield><subfield code="2">fast</subfield><subfield code="0">(OCoLC)fst01214292</subfield></datafield><datafield ind1=" " ind2="7" tag="655"><subfield code="a">Newspapers.</subfield><subfield code="2">fast</subfield><subfield code="0">(OCoLC)fst01423814</subfield></datafield><datafield ind1=" " ind2=" " tag="752"><subfield code="a">United States</subfield><subfield code="b">California</subfield><subfield code="c">San Mateo</subfield><subfield code="d">Millbrae.</subfield></datafield><datafield ind1="1" ind2=" " tag="029"><subfield code="a">AU@</subfield><subfield code="b">000015611455</subfield></datafield></record>